@book{biagini2008,
author={Biagini, Francesca and Hu, Yaozhong and Øksendal, Bernt and Zhang, Tusheng},
isbn={978-1-85233-996-8},
year={2008},
title={Stochastic calculus for fractional brownian motion and applications},
series={Probability and Its Applications},
publisher={Springer-Verlag},
location={London}
}

@book{yen2013,
author={Yen, Ju-Yi and Yor, Marc},
isbn={978-3-319-01269-8},
year={2013},
title={Local Times and Excursion Theory for Brownian Motion: A Tale of Wiener and Itô Measures},
series={Lecture Notes in Mathematics},
number={2088},
publisher={Springer-Verlag},
location={London}
}

@book{loeve1978,
author={Loève, Michel},
isbn={0-387-90262-7},
year={1978},
title={Probability Theory II},
edition={4},
pagetotal={XVI, 413},
series={Graduate Texts in Mathematics},
publisher={Springer-Verlag},
location={New-York},
}

@book{ayache2018,
author={Ayache, Antoine},
isbn={9789814525671},
year={2018},
title={Multifractional stochastic fields: wavelets strategies in multifractional frameworks},
pagetotal={XIV, 220},
series={},
publisher={World Scientific},
location={},
}

@article{herbin2002,
author={Erick Herbin},
title={From $N$ parameter fractional Brownian motions to $N$ parameter multifractional Brownian motions},
journaltitle={Rocky Mountain Journal of Mathematics},
volume={36},
number={4},
pages={25--60},
year={2002},
}

@article{mandelbrot1968,
author={Mandelbrot, Benoit B. and Van Ness, John W.},
title={Fractional Brownian Motions, Fractional Noises and Applications},
journaltitle={SIAM Review},
volume={10},
number={4},
pages={422--437},
year={1968},
}



